% Our bibliography file

% title, author, year
% if conference: proceedings, location
% if journal: journal name, volume, issue

% datasets reference
@misc{datasets,
	author = "Dua, Dheeru and Graff, Casey",
	year = "2017",
	title = "{UCI} Machine Learning Repository",
	url = "http://archive.ics.uci.edu/ml",
	institution = "University of California, Irvine, School of Information and Computer Sciences"
}

% sparse AE paper
@article{sparsity,
	title={Sparse autoencoder},
	author={Ng, Andrew and others},
	journal={CS294A Lecture notes},
	volume={72},
	number={2011},
	pages={1--19},
	year={2011},
	publisher={Stanford University}
}

% backpropagation paper
@article{backprop,
	title={Learning representations by back-propagating errors},
	author={Rumelhart, David E and Hinton, Geoffrey E and Williams, Ronald J and others},
	journal={Cognitive modeling},
	volume={5},
	number={3},
	pages={1},
	year={1988}
}

@article{svozil1997ffnn,
	title={Introduction to multi-layer feed-forward neural networks},
	author={Svozil, Daniel and Kvasnicka, Vladimir and Pospichal, Jiri},
	journal={Chemometrics and intelligent laboratory systems},
	volume={39},
	number={1},
	pages={43--62},
	year={1997},
	publisher={Elsevier}
}

% AE paper
@article{stacked-ae,
	title={Stacked denoising autoencoders: Learning useful representations in a deep network with a local denoising criterion},
	author={Vincent, Pascal and Larochelle, Hugo and Lajoie, Isabelle and Bengio, Yoshua and Manzagol, Pierre-Antoine},
	journal={Journal of machine learning research},
	volume={11},
	number={Dec},
	pages={3371--3408},
	year={2010}
}
