% Our bibliography file

% title, author, year
% if conference: proceedings, location
% if journal: journal name, volume, issue

% datasets reference
@misc{datasets,
	author = "Dua, Dheeru and Graff, Casey",
	year = "2017",
	title = "{UCI} Machine Learning Repository",
	url = "http://archive.ics.uci.edu/ml",
	institution = "University of California, Irvine, School of Information and Computer Sciences"
}

% original PSO paper
@article{og-pso,
	title={A new optimizer using particle swarm theory},
	author={Eberhart, Russell and Kennedy, James},
	booktitle={MHS'95. Proceedings of the Sixth International Symposium on Micro Machine and Human Science},
	pages={39--43},
	year={1995},
	organization={Ieee}
}

% backpropagation paper
@article{backprop,
	title={Learning representations by back-propagating errors},
	author={Rumelhart, David E and Hinton, Geoffrey E and Williams, Ronald J and others},
	journal={Cognitive modeling},
	volume={5},
	number={3},
	pages={1},
	year={1988}
}

% paper describing empirical pso (includes linearly decreasing velocity)
@article{empirical-pso,
	title={Empirical study of particle swarm optimization},
	author={Shi, Yuhui and Eberhart, Russell C},
	booktitle={Proceedings of the 1999 Congress on Evolutionary Computation-CEC99 (Cat. No. 99TH8406)},
	volume={3},
	pages={1945--1950},
	year={1999},
	organization={IEEE}
}

% Differential Evolution
@Article{Storn1997,
	author="Storn, Rainer
	and Price, Kenneth",
	title="Differential Evolution -- A Simple and Efficient Heuristic for global Optimization over Continuous Spaces",
	journal="Journal of Global Optimization",
	year="1997",
	month="Dec",
	day="01",
	volume="11",
	number="4",
	pages="341--359"
}

@article{svozil1997ffnn,
	title={Introduction to multi-layer feed-forward neural networks},
	author={Svozil, Daniel and Kvasnicka, Vladimir and Pospichal, Jiri},
	journal={Chemometrics and intelligent laboratory systems},
	volume={39},
	number={1},
	pages={43--62},
	year={1997},
	publisher={Elsevier}
}
