% Our bibliography file

% title, author, year
% if conference: proceedings, location
% if journal: journal name, volume, issue

% paper that talks about abalone
@book{abalone-bad,
	title={Complete Cross-Validation for Nearest Neighbor Classifiers.},
	author={Mullin, Matthew D and Sukthankar, Rahul},
	booktitle={International Conference for Machine Learning},
	pages={639--646},
	year={2000}
}

@ARTICLE{edited,
	author={D. L. {Wilson}},
	journal={Institute of Electrical and Electronics Engineers Transactions on Systems, Man, and Cybernetics},
	title={Asymptotic Properties of Nearest Neighbor Rules Using Edited Data},
	year={1972},
	volume={SMC-2},
	number={3},
	pages={408-421},
	keywords={Nearest neighbor searches;Random variables;Convergence;Character recognition;Decoding;Pattern recognition},
	doi={10.1109/TSMC.1972.4309137},
	ISSN={},
	month={July},
}

% datasets reference
@misc{datasets,
	author = "Dua, Dheeru and Graff, Casey",
	year = "2017",
	title = "{UCI} Machine Learning Repository",
	url = "http://archive.ics.uci.edu/ml",
	institution = "University of California, Irvine, School of Information and Computer Sciences"
}

%PAM REf
@inproceedings{Fox1990FindingGI,
	title={Finding Groups in Data: An Introduction to Cluster Analysis.},
	author={Wendy R. Fox and Lowell Kaufman and P. J. Rousseeuw},
	year={1990}
}

%CMEANS REF
@ARTICLE{CMeans,
	author={K. {Wagstaff} and C. {Cardie} and S. {Rogers} and S. {Schroedl}},
	journal={Proceedings of the Eighteenth International Conference on Machine Learning},
	title={Constrained K-Means Clustering with Background Knowledge},
	year={2001},
	page={577-584},
	
	keywords={K;Means;Clustering;Convergence;Average;Data;Reducer},
}

%CNN REF
@ARTICLE{Condensed,
	author={Miloud-Aouidate Amal and Bab-Ali Ahmed Riadh},
	journal={IJACSA International Journal of Advanced Computer Science and Applications},
	title={Survey of Nearest Neighbor Condensing Techniques},
	year={2011},
	volume={2},
	number={11},
	page={59-64},
	keywords={Condensed;Data;Reducer;Nearest;Neighbor}
}

% Value Difference Metric
@article{vdm,
	title={Toward memory-based reasoning},
	author={Stanfill, Craig and Waltz, David L},
	journal={Commun. ACM},
	volume={29},
	number={12},
	pages={1213--1228},
	year={1986}
}
