% Our bibliography file

% TODO links to reference
% http://www.jmlr.org/format/natbib.pdf
% http://www.jmlr.org/format/format.html
% http://www.jmlr.org/format/sample.tex

@article{einstein,
	author =       "Albert Einstein",
	title =        "{Zur Elektrodynamik bewegter K{\"o}rper}. ({German})
	[{On} the electrodynamics of moving bodies]",
	journal =      "Annalen der Physik",
	volume =       "322",
	number =       "10",
	pages =        "891--921",
	year =         "1905",
	DOI =          "http://dx.doi.org/10.1002/andp.19053221004"
}