% Our bibliography file

% an analysis of Bayesian classifiers (langley, 1992)
% title, author, year
% if conference: proceedings, location
% if journal: journal name, volume, issue

@inproceedings{nbPaper,
	title={An analysis of Bayesian classifiers},
	author={Langley, Pat and Iba, Wayne and Thompson, Kevin and others},
	booktitle={Association for the Advancment of Artificial Intelligence},
	volume={90},
	pages={223--228},
	year={1992}
}

@misc{datasets,
	author = "Dua, Dheeru and Graff, Casey",
	year = "2017",
	title = "{UCI} Machine Learning Repository",
	url = "http://archive.ics.uci.edu/ml",
	institution = "University of California, Irvine, School of Information and Computer Sciences"
}