% Our bibliography file

% title, author, year
% if conference: proceedings, location
% if journal: journal name, volume, issue

% Possible reference
@article{dudani1976distance,
	title={The distance-weighted k-nearest-neighbor rule},
	author={Dudani, Sahibsingh A},
	journal={Institute of Electrical and Electronics Engineers Transactions on Systems, Man, and Cybernetics},
	number={4},
	pages={325--327},
	year={1976},
	publisher={Institute of Electrical and Electronics Engineers}
}

@ARTICLE{edited,
	author={D. L. {Wilson}},
	journal={IEEE Transactions on Systems, Man, and Cybernetics},
	title={Asymptotic Properties of Nearest Neighbor Rules Using Edited Data},
	year={1972},
	volume={SMC-2},
	number={3},
	pages={408-421},
	keywords={Nearest neighbor searches;Random variables;Convergence;Character recognition;Decoding;Pattern recognition},
	doi={10.1109/TSMC.1972.4309137},
	ISSN={},
	month={July},}

% Keep this reference
@misc{datasets,
	author = "Dua, Dheeru and Graff, Casey",
	year = "2017",
	title = "{UCI} Machine Learning Repository",
	url = "http://archive.ics.uci.edu/ml",
	institution = "University of California, Irvine, School of Information and Computer Sciences"
}